@article{bertin2011million,
  title={The million song dataset},
  author={Bertin-Mahieux, Thierry and Ellis, Daniel PW and Whitman, Brian and Lamere, Paul},
  year={2011}
}

@inproceedings{schreiber2015improving,
  title={Improving Genre Annotations for the Million Song Dataset.},
  author={Schreiber, Hendrik},
  booktitle={ISMIR},
  pages={241--247},
  year={2015}
}

@inproceedings{lidy2005evaluation,
  title={Evaluation of feature extractors and psycho-acoustic transformations for music genre classification},
  author={Lidy, Thomas and Rauber, Andreas},
  booktitle={ISMIR},
  pages={34--41},
  year={2005}
}

@inproceedings{aiolli2013efficient,
  title={Efficient top-n recommendation for very large scale binary rated datasets},
  author={Aiolli, Fabio},
  booktitle={Proceedings of the 7th ACM conference on Recommender systems},
  pages={273--280},
  year={2013}
}

@inproceedings{hu2008collaborative,
  title={Collaborative filtering for implicit feedback datasets},
  author={Hu, Yifan and Koren, Yehuda and Volinsky, Chris},
  booktitle={2008 Eighth IEEE international conference on data mining},
  pages={263--272},
  year={2008},
  organization={Ieee}
}

@article{johnson2014logistic,
  title={Logistic matrix factorization for implicit feedback data},
  author={Johnson, Christopher C},
  journal={Advances in Neural Information Processing Systems},
  volume={27},
  number={78},
  pages={1--9},
  year={2014},
  publisher={Montr{\'e}al, Canada}
}

@inproceedings{barkan2016item2vec,
  title={Item2vec: neural item embedding for collaborative filtering},
  author={Barkan, Oren and Koenigstein, Noam},
  booktitle={2016 IEEE 26th International Workshop on Machine Learning for Signal Processing (MLSP)},
  pages={1--6},
  year={2016},
  organization={IEEE}
}

@inproceedings{chen2018combining,
  title={Combining content and sentiment analysis on lyrics for a lightweight emotion-aware Chinese song recommendation system},
  author={Chen, Xituo and Tang, Tiffany Y},
  booktitle={Proceedings of the 2018 10th International Conference on Machine Learning and Computing},
  pages={85--89},
  year={2018}
}
